% This file was created with JabRef 2.10.
% Encoding: Cp1252


@Electronic{aring,
  Author                   = {Alexander Aring, Timon Link},
  HowPublished             = {online},
  Note                     = {http://www.cs.hs-rm.de/~kaiser/Slides/aring-link.pdf},
  Url                      = {http://www.cs.hs-rm.de/~kaiser/Slides/aring-link.pdf},

  Timestamp                = {2015.07.12}
}

@Electronic{ernst,
  Author                   = {Daniel Ernst, Matthias H. F. Jurisch},
  HowPublished             = {online},
  Note                     = {http://www.cs.hs-rm.de/~kaiser/Slides/ernst-jurisch.pdf},
  Url                      = {http://www.cs.hs-rm.de/~kaiser/Slides/ernst-jurisch.pdf},

  Timestamp                = {2015.07.12}
}

@Electronic{beyond,
  HowPublished             = {online},
  Note                     = {http://www.beyondlogic.org/usbnutshell},
  Url                      = {http://www.beyondlogic.org/usbnutshell},

  Timestamp                = {2015.07.12}
}

@Electronic{usborg,
  HowPublished             = {online},
  Note                     = {http://www.usb.org/developers},
  Url                      = {http://www.usb.org/developers},

  Timestamp                = {2015.07.12}
}

@Electronic{wiki,
  HowPublished             = {online},
  Note                     = {https://en.wikipedia.org/wiki/USB},
  Url                      = {https://en.wikipedia.org/wiki/USB},

  Timestamp                = {2015.07.12}
}

@Electronic{wiki2,
  HowPublished             = {online},
  Note                     = {https://de.wikipedia.org/wiki/Universal_Serial_Bus},
  Url                      = {https://de.wikipedia.org/wiki/Universal_Serial_Bus},

  Timestamp                = {2015.07.12}
}

@Electronic{wiki3,
  HowPublished             = {online},
  Note                     = {https://en.wikipedia.org/wiki/Microkernel},
  Url                      = {https://en.wikipedia.org/wiki/Microkernel},

  Timestamp                = {2015.07.12}
}

